@online{WhatGraphDatabase,
  title = {What {{Is}} a {{Graph Database}}?},
  url = {https://aws.amazon.com/nosql/graph/},
  urldate = {2023-01-06},
  langid = {american},
  organization = {{Amazon Web Services, Inc.}},
  file = {C\:\\Users\\tjb74\\Zotero\\storage\\6T6YV7SN\\graph.html}
}

